<record xmlns="http://www.loc.gov/MARC21/slim" xmlns:xsi="http://www.w3.org/2001/XMLSchema-instance" xsi:schemaLocation="http://www.loc.gov/MARC21/slim http://www.loc.gov/standards/marcxml/schema/MARC21slim.xsd"><leader>01473nam a2200313   4500</leader><controlfield tag="001">3079834</controlfield><controlfield tag="003">NNC</controlfield><controlfield tag="006">m        d        </controlfield><controlfield tag="007">cr cn |||m|||a</controlfield><controlfield tag="008">150110s1884    le      o     000 0 ara d</controlfield><datafield ind1=" " ind2=" " tag="040"><subfield code="a">NNU</subfield><subfield code="b">eng</subfield><subfield code="e">rda</subfield><subfield code="c">NNU</subfield></datafield><datafield ind1="0" ind2=" " tag="130"><subfield code="a">Bible.</subfield><subfield code="l">Arabic.</subfield><subfield code="f">1884.</subfield></datafield><datafield ind1="1" ind2="3" tag="245"><subfield code="6">880-01</subfield><subfield code="a">Al-Kita&#772;b al-m&#803;uqaddis ai&#772; kutub al-&#699;ahd al-qadi&#772;m wa-al-&#699;ahd al-jadi&#772;d.</subfield></datafield><datafield ind1=" " ind2=" " tag="260"><subfield code="6">880-02</subfield><subfield code="a">Bayru&#772;t,</subfield><subfield code="c">1884.</subfield></datafield><datafield ind1=" " ind2=" " tag="300"><subfield code="a">online resource (920, 295 pages)</subfield></datafield><datafield ind1=" " ind2=" " tag="336"><subfield code="a">text</subfield><subfield code="2">rdacontent</subfield></datafield><datafield ind1=" " ind2=" " tag="337"><subfield code="a">computer</subfield><subfield code="2">rdamedia</subfield></datafield><datafield ind1=" " ind2=" " tag="338"><subfield code="a">online resource</subfield><subfield code="2">rdacarrier</subfield></datafield><datafield ind1=" " ind2=" " tag="500"><subfield code="a">Part of the Arabic Collections Online (ACO) project, contributed by Columbia University Libraries.</subfield></datafield><datafield ind1=" " ind2=" " tag="533"><subfield code="a">Electronic reproduction.</subfield><subfield code="b">New York, N.Y. :</subfield><subfield code="c">New York University,</subfield><subfield code="d">2015.</subfield><subfield code="5">NNU</subfield></datafield><datafield ind1="2" ind2=" " tag="710"><subfield code="a">Columbia University.</subfield><subfield code="b">Libraries.</subfield></datafield><datafield ind1="0" ind2=" " tag="730"><subfield code="a">Arabic Collections Online.</subfield></datafield><datafield ind1="0" ind2="8" tag="776"><subfield code="i">Online version:</subfield><subfield code="a">Bible. Arabic.</subfield><subfield code="t">Kita&#772;b al-m&#803;uqaddis ai kutub al-&#699;ahd al-qadi&#772;m wa-al-&#699;ahd al-jadi&#772;d.</subfield><subfield code="d">Beirut, 1884</subfield><subfield code="w">(OCoLC)655019980</subfield></datafield><datafield ind1="0" ind2="8" tag="776"><subfield code="i">Print version:</subfield><subfield code="t">Al-Kita&#772;b al-m&#803;uqaddis ai&#772; kutub al-&#699;ahd al-qadi&#772;m wa-al-&#699;ahd al-jadi&#772;d</subfield><subfield code="w">(NNC)3079834</subfield><subfield code="w">(OCoLC)47914005</subfield></datafield><datafield ind1="4" ind2="0" tag="856"><subfield code="u">http://hdl.handle.net/2333.1/866t1htp</subfield></datafield><datafield ind1="1" ind2="2" tag="880"><subfield code="6">245-01/r</subfield><subfield code="a">&#1575;&#1604;&#1603;&#1578;&#1575;&#1576; &#1575;&#1604;&#1605;&#1602;&#1583;&#1587; &#1575;&#1610; &#1603;&#1578;&#1576; &#1575;&#1604;&#1593;&#1607;&#1583; &#1575;&#1604;&#1602;&#1583;&#1610;&#1605; &#1608;&#1575;&#1604;&#1593;&#1607;&#1583; &#1575;&#1604;&#1580;&#1583;&#1610;&#1583;.</subfield></datafield><datafield ind1=" " ind2=" " tag="880"><subfield code="6">260-02/r</subfield><subfield code="a">&#1576;&#1610;&#1585;&#1608;&#1578;&#1548;</subfield><subfield code="c">1884.</subfield></datafield><datafield ind1=" " ind2=" " tag="959"><subfield code="a">NNU</subfield><subfield code="b">WEB</subfield><subfield code="c">GENI</subfield><subfield code="t">0</subfield><subfield code="m">Electronic access</subfield><subfield code="s">01</subfield></datafield><datafield ind1=" " ind2=" " tag="999"><subfield code="i">NNC_3079834</subfield><subfield code="o">(OCoLC)47914005</subfield><subfield code="e">OK</subfield></datafield></record>